@INPROCEEDINGS{Enabling5G,  
  author={Tranoris, Christos and Denazis, Spyros and Guardalben, Lucas and Pereira, Jo√£o and Sargento, Susana},  
  booktitle={2018 IEEE/ACM 4th International Workshop on Software Engineering for Smart Cyber-Physical Systems (SEsCPS)},   
  title={Enabling Cyber-Physical Systems for 5G Networking: A Case Study on the Automotive Vertical Domain},   
  year={2018},  
  volume={},  
  number={},  
  pages={37-40},  
  doi={}}

@ARTICLE{Towards5G,  
  author={Ahmad, W. S. H. M. W. and Radzi, N. A. M. and Samidi, F. S. and Ismail, A. and Abdullah, F. and Jamaludin, M. Z. and Zakaria, M. N.},
  journal={IEEE Access},   
  title={5G Technology: Towards Dynamic Spectrum Sharing Using Cognitive Radio Networks},   
  year={2020},  
  volume={8},  
  number={},  
  pages={14460-14488},  
  doi={10.1109/ACCESS.2020.2966271}
}
